@article{UrPa16,
	Author = {Thomas D. Uram and Michael E. Papka},
	Date-Added = {2017-08-27 17:11:23 +0000},
	Date-Modified = {2017-08-27 17:11:23 +0000},
	Doi = {10.1109/MCSE.2016.53},
	Issn = {1521-9615},
	Journal = {Computing in Science and Engineering},
	Keywords = {HPC;high-performance computing;leadership computing;scientific computing;supercomputing},
	Month = {May},
	Number = {3},
	Pages = {84-87},
	Title = {Expanding the Scope of High-Performance Computing Facilities},
	Volume = {18},
	Year = {2016},
	Bdsk-Url-1 = {http://dx.doi.org/10.1109/MCSE.2016.53}}

@article{BMRDP,
   title ={The Modern Research Data Portal: A Design Pattern for Networked, Data-Intensive Science},
   journal = {PeerJ Preprints},
   author = {Kyle Chard and Eli Dart and Ian Foster and David Shifflett and Steven Tuecke and Jason Williams},
   note = {\url{docs.globus.org/mrdp}},
   year = 2017
}

@inproceedings{dart2014science,
 author = {Dart, Eli and Rotman, Lauren and Tierney, Brian and Hester, Mary and Zurawski, Jason},
 title = {The {Science DMZ}: A Network Design Pattern for Data-intensive Science},
 booktitle = {International Conference on High Performance Computing, Networking, Storage and Analysis},
 series = {SC '13},
 year = {2013},
 isbn = {978-1-4503-2378-9},
 location = {Denver, Colorado},
 pages = {85:1--85:10},
 articleno = {85},
 numpages = {10},
 url = {http://doi.acm.org/10.1145/2503210.2503245},
 doi = {10.1145/2503210.2503245},
 acmid = {2503245},
 publisher = {ACM},
 address = {New York, NY, USA}
}

@Article{MDF2016,
  Title                    = {The {Materials Data Facility}: Data Services to Advance Materials Science Research},
  Author                   = {Ben Blaiszik and Kyle Chard and Jim Pruyne and Rachana Ananthakrishnan and Steven Tuecke
and Ian Foster},
  Journal                  = {Journal of Materials},
  Year                     = {2016},
  Number                   = {8},
  Pages                    = {2045--2052},
  Volume                   = {68}
}

@Article{foster2015networking,
  Title                    = {Networking materials data: Accelerating discovery at an experimental facility},
  Author                   = {Foster, Ian and Ananthakrishnan, Rachana and Blaiszik, Ben and Chard, Kyle and Osborn, Ray
and Tuecke, Steven and Wilde, Mike and Wozniak, Justin},
  Journal                  = {Big Data and High Performance Computing},
  Year                     = {2015}
}

@inproceedings{simms2007empowering,
  title={Empowering distributed workflow with the {D}ata {C}apacitor: Maximizing {L}ustre performance across the wide area network},
  author={Simms, Stephen C and Pike, Gregory G and Teige, Scott and Hammond, Bret and Ma, Yu and Simms, Larry L and Westneat, C and Balog, Douglas A},
  booktitle={Workshop on Service-oriented Computing Performance: Aspects, Issues, and Approaches},
  pages={53--58},
  year={2007},
  organization={ACM}
}



